@book{eac,
	author = {Keith D. Cooper, Linda Troczon},
	title = {Engineering a Compiler},
	edition = 2,
	publisher = {Morgan Kaufman},
	year = 2012,
	isbn = {978-0-12-088478-0},
},
@book{mgordon,
	author = {Micheal J.C. Gordon},
	title = {Engineering a Compiler},
	publisher = {Pentice Hall International (UK) ltd.},
	year = 1988,
	isbn = {0-13-73-0409-9},
},
@article{svd,
author = {Mayer, Clemens and Hanenberg, Stefan and Robbes, Romain and Tanter, \'{E}ric and Stefik, Andreas},
title = {An Empirical Study of the Influence of Static Type Systems on the Usability of Undocumented Software},
year = {2012},
issue_date = {October 2012},
publisher = {Association for Computing Machinery},
address = {New York, NY, USA},
volume = {47},
number = {10},
issn = {0362-1340},
url = {https://doi.org/10.1145/2398857.2384666},
journal = {SIGPLAN Not.}
},
@online{unidef,
	title = {Unifikation (Logik)},
	url = {https://de.wikipedia.org/wiki/Unifikation_(Logik)},
	urldate = {2020-07-30},
},
@online{recdec,
	title = {Parsing Expression Grammar as a Primitive
Recursive-Descent Parser with Backtracking},
	url = {http://citeseerx.ist.psu.edu/viewdoc/download?doi=10.1.1.64.978&rep=rep1&type=pdf},
	date = {2007-02-02},
	urldate = {2020-07-30},
},
@online{rusterror,
	title = {Shape of errors to come},
	author = {Jonathan Turner},
	url = {https://blog.rust-lang.org/2016/08/10/Shape-of-errors-to-come.html},
	date = {2016-08-10},
	urldate = {2020-07-22},
},
@Book{dragon-book,
     author =       "A. V. Aho and R. Sethi and J. D. Ullman",
     title =        "Compilers principles, techniques, and tools",
     publisher =    "Addison-Wesley",
     address =      "Reading, MA",
     year =         "1986",
},
@online{cinterp,
	title = {Crafting Interpreters},
	url = {https://craftinginterpreters.com/contents.html},
	urldate = {2020-03-01},
	date = {2015.01.01},
},
@online{tbe,
	title = {Type Inference by Example},
	url = {https://medium.com/@joakim.ahnfelt/type-inference-by-example-793d83f98382},
	urldate = {2015.04.10},
	date = {2015.04.10},
},
@online{tbe,
	title = {Building fast interpreters in Rust},
	url = {https://blog.cloudflare.com/building-fast-interpreters-in-rust/},
	urldate = {2019.08.10},
	date = {2019.03.4},
},
@online{eso,
	title = {Awesome Esolangs},
	url = {https://blog.cloudflare.com/building-fast-interpreters-in-rust/},
	urldate = {2019.10.20},
},